@book{Church,
	Address = {New York},
	Author = {Jeffrey Church and Roger Ware},
	Publisher = {McGraw-Hill},
	Title = {Industrial Organization: A Strategic Approach},
	Year = {2000}}

@book{Carlton,
  Address = {USA},
  Author = {Dennis W Carlton and Jeffrey M Perloff},
  Edition = {4},
  Publisher = {Pearson},
  Title = {Modern Industrial Organization},
  Year = {2005}}
